<?xml version="1.0" encoding="UTF-8"?><collection xmlns="http://www.loc.gov/MARC21/slim"><record><leader>00347nam--2200121-i-4500</leader><controlfield tag="001">000048858</controlfield><controlfield tag="002">20161230</controlfield><controlfield tag="005">20161230201047</controlfield><controlfield tag="008">060222s1000------------r-----000-0-eng-d</controlfield><datafield ind1=" " ind2=" " tag="100"><subfield code="a">Aizenshtadt,V.S., Apanasevich,P.A</subfield></datafield><datafield ind1=" " ind2=" " tag="245"><subfield code="a">Tablicy raspredeleniia energii i fotonov v spektre ravnovesnogo izlucheniia</subfield></datafield><datafield ind1=" " ind2=" " tag="260"><subfield code="a">Minsk, 1961. 250 S</subfield></datafield><datafield ind1=" " ind2=" " tag="852"><subfield code="a">8218</subfield></datafield></record></collection>